<?xml version="1.0" encoding="UTF-8"?><collection><record><leader>06437ntm a2200517 a 4500</leader><controlfield tag="001">006080094</controlfield><controlfield tag="003">MiAaHDL</controlfield><controlfield tag="005">20190719000000.0</controlfield><controlfield tag="006">m        d        </controlfield><controlfield tag="007">cr bn ---auaua</controlfield><controlfield tag="008">090414s1489    xx            00| ||ara d</controlfield><datafield tag="035" ind1=" " ind2=" "><subfield code="a">(MiU)006080094</subfield></datafield><datafield tag="035" ind1=" " ind2=" "><subfield code="a">sdr-miu006080094</subfield></datafield><datafield tag="040" ind1=" " ind2=" "><subfield code="a">MiU</subfield><subfield code="c">MiU</subfield><subfield code="e">amremm</subfield></datafield><datafield tag="043" ind1=" " ind2=" "><subfield code="a">n-us-mi</subfield></datafield><datafield tag="100" ind1="1" ind2=" "><subfield code="6">880-01</subfield><subfield code="a">Harawī, Aḥmad ibn Maḥmūd,</subfield><subfield code="d">14th cent.?</subfield></datafield><datafield tag="245" ind1="1" ind2="0"><subfield code="6">880-03</subfield><subfield code="a">Sharḥ Hidāyat al-ḥikmah,</subfield><subfield code="f">[894, i.e. 1489].</subfield></datafield><datafield tag="260" ind1=" " ind2=" "><subfield code="c">[1489].</subfield></datafield><datafield tag="300" ind1=" " ind2=" "><subfield code="a">103 leaves :</subfield><subfield code="b">paper ;</subfield><subfield code="c">177 x 135 (122 x 62) mm. bound to 178 x 143 mm.</subfield></datafield><datafield tag="500" ind1=" " ind2=" "><subfield code="a">Shelfmark: Ann Arbor, University of Michigan, Special Collections Library, Isl. Ms. 72</subfield></datafield><datafield tag="500" ind1=" " ind2=" "><subfield code="a">Origin: As appears in colophon on [p.207], transcription finished "wa-qad waqaʻa al-farāgh min taḥrīr hādhihi al-nuskhah..." in the latter part of Rabīʻ I 894 [February-March 1489].</subfield></datafield><datafield tag="500" ind1=" " ind2=" "><subfield code="a">Former shelfmark: British Museum, London "No.17. Commentary of Harawi on Hidayat al-Hikmah." ; "٤٤٧" on tail edge of textblock.</subfield></datafield><datafield tag="500" ind1=" " ind2=" "><subfield code="a">Binding: Pasteboards covered in laid paper and dark brown leather (edges and turn ins), repairs in purple cloth to spine and foreedge flap ; Type II binding (with flap) ; upper and lower covers bear outline of scalloped mandorla and pendants (cut out) with similar design on envelope flap ; board linings and interior of envelope flap in laid paper ; endbands lost, only traces of primaries remain ; sewing in dark blue thread, two sewing stations ; leather of spine detaching exposing cloth spine lining ; in fair condition.</subfield></datafield><datafield tag="500" ind1=" " ind2=" "><subfield code="a">Support: non-European (likely Arab) laid paper with chain lines running horizontally in some arrangement of groups of three (possibly with groups of two and or four) having 10-11 mm. between the chain lines and roughly 38-40 mm. between the groups, laid lines running vertically spaced roughly 10 laid lines per cm. ; sized and burnished with some inclusions and undissolved fibers ; some pest damage, moisture damage, and page repairs ; a few leaves of another laid paper with chain lines running horizontally spaced 28-38 mm. apart and 13-14 laid lines per cm.</subfield></datafield><datafield tag="500" ind1=" " ind2=" "><subfield code="a">Decoration: Text rubricated with key words such as "قال" and "اقول", overlinings, etc. in red ; inner and outer rule-borders in red ; marginalia written in decorative shapes and patterns ; numerous figures and diagrams in margins elucidating the text (see p.22, p.23, p.25, p.118 and p.120).</subfield></datafield><datafield tag="500" ind1=" " ind2=" "><subfield code="a">Script: Nastaʻlīq (talik) ; perhaps Turkish / Anatolian hand in a medium line ; virtually serifless with slight effect of words slanting to baseline and occasional superscript at end of line, elongation and exaggerated thickness of horizontal strokes, pointing in strokes rather than distinct dots, point of final / free-standing nūn often nearly assimilated with bowl.</subfield></datafield><datafield tag="500" ind1=" " ind2=" "><subfield code="a">Layout: Written in 15 lines per page ; frame-ruled.</subfield></datafield><datafield tag="500" ind1=" " ind2=" "><subfield code="a">Collation: i, V (10), V-1 (19), 7 V (89), IV (97), III (103) ; chiefly quinions ; catchwords present ; pagination in pencil, Western numerals (supplied during digitization, begins with front flyleaf).</subfield></datafield><datafield tag="500" ind1=" " ind2=" "><subfield code="a">Colophon: "Authorial," rectangular, reads: "وليكن هذا اخر ما قصدنا جمعه في هذا الشرح من الفوائد واردنا نظمه في هذا السلك الفرائد حامدين لله تعالى على التوفيق..." ; "Scribal," rectangular, reads: "وقد وقع الفراغ من تحرير هذه النسخة بعون الله وحسن توفيقه في نوم جهارشنبة في وقت الضحى الكبرى تحريرا [؟] في اخر ربيع الاول سنة اربع وتسعين وثمانمئة"</subfield></datafield><datafield tag="500" ind1=" " ind2=" "><subfield code="a">Explicit: "هذا الالم لا يكون لازما بل يكون زائدا لما ذكرنا في الحالة الاولى"</subfield></datafield><datafield tag="500" ind1=" " ind2=" "><subfield code="a">Incipit: "باسمك اللهم يا [...؟] الحمد والثناء يا ذا العظمة والكبرياء ويا منشئ الأجسام المختلفة الطباع ... وبعد فهذه مجلة مشتملة على شرح ما سوى المنطق من المختصر الموسوم بالهداية للامام المحقق ... الابهري ... امليته مع قلة البضاعة ..."</subfield></datafield><datafield tag="500" ind1=" " ind2=" "><subfield code="a">Title from inscription on front flyleaf (p.1).</subfield></datafield><datafield tag="500" ind1=" " ind2=" "><subfield code="a">Ms. codex.</subfield></datafield><datafield tag="510" ind1="4" ind2=" "><subfield code="a">Ḥājjī Khalīfah. Kashf al-ẓunūn,</subfield><subfield code="c">vi 473</subfield></datafield><datafield tag="510" ind1="4" ind2=" "><subfield code="a">Brockelmann, C. GAL,</subfield><subfield code="c">I, 464 no.4</subfield></datafield><datafield tag="520" ind1="8" ind2=" "><subfield code="a">Much annotated copy of Mawlānāzādah Aḥmad ibn Maḥmūd al-Harawī al-Kharzīyānī's commentary on al-Abharī's Hidāyat al-ḥikmah.</subfield></datafield><datafield tag="538" ind1=" " ind2=" "><subfield code="a">Mode of access: Internet.</subfield></datafield><datafield tag="541" ind1=" " ind2=" "><subfield code="c">Purchase ;</subfield><subfield code="a">Acquired by purchase along with Abdul Hamid Collection (funds donated by Horace Rackham).</subfield><subfield code="d">1924.</subfield></datafield><datafield tag="546" ind1=" " ind2=" "><subfield code="a">Arabic.</subfield></datafield><datafield tag="561" ind1=" " ind2=" "><subfield code="a">Bookplate of British Museum, London on upper cover, "No. 17. Commentary of Harawi on Hidayat al-Hikmah." ; circular seal impression with figure of goat/gazelle in purple ink as well as inscription "430" in Western numerals on recto of front flyleaf (p.1); inscription "٦٦٦" on recto of front flyleaf ; circular waqf-seal impression appears on front flyleaf and repeatedly throughout, reads: "هذا وقف الراجي فيض الصمدي الشيخ احمد ضيا الدين ابن مصطفى الخالدي فمن بدله بعد ما سمعه فانما اثمه على الذين يبدلونه ١٢٨٠" in name of Aḥmad Ḍiyāʼ al-Dīn ibn Muṣṭafá al-Khālidī (i.e. Ahmed Ziyâüddîn Gümüşhanevî, d. 1893 or 4) ; on verso of front flyleaf (p.2): price "قيمت ۱٠٠", kabīkaj invocation "يا كبيكج", seal of Solomon inscription (with greatest name of God / al-Ism al-Aʻẓam), and several owners' marks including "صاحب اسماعيل ابن الحامي احمد" and "منلا حسن صاحب ومالك ١١٦٩" ; numerous interlinear and marginal comments and corrections throughout.</subfield></datafield><datafield tag="600" ind1="1" ind2="0"><subfield code="a">Athīr al-Dīn al-Abharī, al-Mufaḍḍal ibn ʻUmar,</subfield><subfield code="d">d. 1265.</subfield><subfield code="t">Hidāyat al-ḥikmah.</subfield></datafield><datafield tag="650" ind1=" " ind2="0"><subfield code="a">Manuscripts, Arabic</subfield><subfield code="z">Michigan</subfield><subfield code="z">Ann Arbor.</subfield></datafield><datafield tag="650" ind1=" " ind2="0"><subfield code="a">Islamic philosophy</subfield><subfield code="v">Early works to 1800.</subfield></datafield><datafield tag="773" ind1="0" ind2=" "><subfield code="a">Tiflis Collection.</subfield></datafield><datafield tag="880" ind1="1" ind2="0"><subfield code="6">245-03/</subfield><subfield code="a">شرح هداية الحكمة,</subfield><subfield code="f">[894ه, 1489م].</subfield></datafield><datafield tag="880" ind1="1" ind2=" "><subfield code="6">100-01/</subfield><subfield code="a">هروي, احمد بن محمود.</subfield></datafield><datafield tag="CID" ind1=" " ind2=" "><subfield code="a">006080094</subfield></datafield><datafield tag="DAT" ind1="0" ind2=" "><subfield code="a">20190719102634.0</subfield><subfield code="b">20190719000000.0</subfield></datafield><datafield tag="DAT" ind1="1" ind2=" "><subfield code="a">20190719090653.0</subfield><subfield code="b">2019-07-19T16:11:15Z</subfield></datafield><datafield tag="DAT" ind1="2" ind2=" "><subfield code="a">2015-10-02T18:00:03Z</subfield></datafield><datafield tag="CAT" ind1=" " ind2=" "><subfield code="a">SDR-MIU</subfield><subfield code="d">EX LIBRIS - ALEPH</subfield><subfield code="l">prepare.pl-004-008</subfield></datafield><datafield tag="FMT" ind1=" " ind2=" "><subfield code="a">BK</subfield></datafield><datafield tag="HOL" ind1=" " ind2=" "><subfield code="0">sdr-miu006080094</subfield><subfield code="a">MiU</subfield><subfield code="b">SDR</subfield><subfield code="c">MIU</subfield><subfield code="p">mdp.39015079124973</subfield><subfield code="s">MIU</subfield><subfield code="1">006080094</subfield></datafield><datafield tag="974" ind1=" " ind2=" "><subfield code="b">MIU</subfield><subfield code="c">MIU</subfield><subfield code="d">20190719</subfield><subfield code="s">lit-dlps-dc</subfield><subfield code="u">mdp.39015079124973</subfield><subfield code="y">1489</subfield><subfield code="r">pd</subfield><subfield code="q">bib</subfield><subfield code="t">non-US bib date1 &lt; 1896</subfield></datafield></record></collection>